@Book{ana:livro,
	author = {Ana Cristina Vieira de Melo and Fl\'avio Soares Corr\^ea da Silva},
	title = {Princ\'ipios de Linguagens de Programa{\c c}\~ao},
	publisher = {Edgard Blucher},
	year = {2003},
	address = {S\~ao Paulo, SP},
}

@article{cardelli:Modula3LanguageDefinition,
	author={Luca Cardelli and James E. Donahue and Lucille Glassman and Mick J. Jordan
		and Bill Kalsow and Greg Nelson},
	title={Modula-3 language definition},
	journal={SIGPLAN Notices},
	volume={27},
	year={1992},
	pages={15--42},
	number={8}
}
