@book{Bertsimas:1997:ILO:548834,
 author = {Bertsimas, Dimitris and Tsitsiklis, John},
 title = {Introduction to Linear Optimization},
 year = {1997},
 isbn = {1886529191},
 edition = {1st},
 publisher = {Athena Scientific},
} 

@misc{ maxima,
  organization={Projeto Maxima},
  title = "Maxima, a Computer Algebra System",
  year = "2012",
  url = "\url{http://maxima.sourceforge.net/}",
  note = "[Online; acessado em 15 de junho de 2012]"
}

