@Book{ana:livro,
	author = {Ana Cristina Vieira de Melo and Fl\'avio Soares Corr\^ea da Silva},
	title = {Princ\'ipios de Linguagens de Programa{\c c}\~ao},
	publisher = {Edgard Blucher},
	year = {2003},
	address = {S\~ao Paulo, SP},
}

